@misc{opencv_calib3d,
    title={Camera Calibration and 3D Reconstruction}, howpublished={\url{https://docs.opencv.org/4.5.4/d9/d0c/group__calib3d.html}},
    journal={OpenCV}
}

@misc{wpilib_geom,
    title={Coordinate Systems â€” FIRST Robotics Competition documentation},
    howpublished={\url{https://docs.wpilib.org/en/stable/docs/software/advanced-controls/geometry/coordinate-systems.html}}
}

@misc{dlt,
    title={Camera Calibration: Direct Linear Transform},
    author={Cyrill Stachniss},
    howpublished={\url{https://www.ipb.uni-bonn.de/html/teaching/photo12-2021/2021-pho1-21-DLT.pptx.pdf}}
}

@ARTICLE{zhang,
    author={Zhang, Z.},
    journal={IEEE Transactions on Pattern Analysis and Machine Intelligence}, 
    title={A flexible new technique for camera calibration}, 
    year={2000},
    volume={22},
    number={11},
    pages={1330-1334},
    doi={10.1109/34.888718}
}
  
@phdthesis{malis2007deeper,
  title={Deeper understanding of the homography decomposition for vision-based control},
  author={Malis, Ezio and Vargas, Manuel},
  year={2007},
  school={INRIA}
}

@article{ippe,
    author = {Collins, Toby and Bartoli, Adrien},
    year = {2014},
    month = {09},
    pages = {},
    title = {Infinitesimal Plane-Based Pose Estimation},
    volume = {109},
    journal = {International Journal of Computer Vision},
    doi = {10.1007/s11263-014-0725-5}
}